<?xml version="1.0" encoding="UTF-8"?><record xmlns="http://www.loc.gov/MARC21/slim" xmlns:cinclude="http://apache.org/cocoon/include/1.0" xmlns:zs="http://www.loc.gov/zing/srw/">
  <leader>00421nz  a2200145n  4500</leader>
  <controlfield tag="001">no2002063009</controlfield>
  <controlfield tag="003">DLC</controlfield>
  <controlfield tag="005">20020717062429.0</controlfield>
  <controlfield tag="008">020716n| acannaabn          |n aaa     c</controlfield>
  <datafield tag="010" ind1=" " ind2=" ">
    <subfield code="a">no2002063009</subfield>
  </datafield>
  <datafield tag="035" ind1=" " ind2=" ">
    <subfield code="a">(OCoLC)oca05812160</subfield>
  </datafield>
  <datafield tag="040" ind1=" " ind2=" ">
    <subfield code="a">MsHaU</subfield>
    <subfield code="b">eng</subfield>
    <subfield code="c">MsHaU</subfield>
  </datafield>
  <datafield tag="100" ind1="1" ind2=" ">
    <subfield code="a">McCrady, Elizabeth F.</subfield>
  </datafield>
  <datafield tag="670" ind1=" " ind2=" ">
    <subfield code="a">Chula of Siam, c1936:</subfield>
    <subfield code="b">(Elizabeth F. McCrady)</subfield>
  </datafield>
  <datafield tag="670" ind1=" " ind2=" ">
    <subfield code="a">OCLC data base, 7/15/2002:</subfield>
    <subfield code="b">(hdg.: McCrady, Elizabeth F.)</subfield>
  </datafield>
</record>